=LDR  02858cam a22007097i 4500
=001  016301123
=003  Uk
=005  20130318081224.0
=008  130227s2012\\\\xxuab\\\\b\\\\100\0\eng\d
=FMT  \\$a  BK
=010  \\$a2012920138
=020  \\$a9780984538386 (hardback)
=020  \\$a0984538380 (hardback)
=020  \\$a9780984538379 (paperback)
=035  \\$a(OCoLC)828671444
=040  \\$aYDXCP$beng$cYDXCP$dBTCTA$dUk$erda
=CNF  \\$aCelto-Armenian symposium$d(2009 Sep :$cYerevan)
=245  00$aIreland and Armenia :$bstudies in language, history and narrative /$cedited by Maxim Fomin, Alvard Jivanyan and Séamus Mac Mathúna.
=264  \1$aWashington :$bInstitute for the Study of Man,$c2012.
=300  \\$axiv, 265 pages :$billustrations (black and white, and colour) ; map (colour) ;$c23 cm.
=336  \\$atext$2rdacontent
=337  \\$aunmediated$2rdamedia
=338  \\$avolume$2rdacarrier
=490  0\$aJournal of Indo-European Studies monograph series ;$v61
=500  \\$aProceedings of an International Interdisciplinary Symposium held at Matenadaran (Yerevan, Armenia) between 7-9 September 2009.
=504  \\$aIncludes bibliographical references.
=591  \\$aPapers.
=540  \\$aBritish Library not licensed to copy$c0$5Uk
=653  1\$aNarrative
=653  1\$aIreland
=653  1\$aArmenia
=653  1\$aCelto-Armenian
=700  1\$aFomin, Maxim,$eeditor of compilation.
=700  1\$aJivanyan, Alvard,$eeditor of compilation.
=700  1\$aMac Mathúna, Séamus,$eeditor of compilation.
=859  \\$aXLD$bdatasets
=852  41$aBritish Library$bHMNTS
=852  41$aBritish Library$bDSC$j5005.381900
=945  \\$aJournal of Indoeuropean studies monograph series, no. 61 2012
=CAT  \\$a7164$b40$c20130314$lBLL01$h1249
=CAT  \\$a7164$b40$c20130314$lBLL01$h1251
=CAT  \\$a11070$b40$c20130315$lBLL01$h1110
=CAT  \\$a10934$b40$c20130318$lBLL01$h0812
=CAT  \\$aBATCH-CLA$b00$c20130429$lBLL01$h0155
=CAT  \\$aBATCH-CLA$b00$c20130508$lBLL01$h0727
=CAT  \\$aBATCH-CLA$b00$c20130602$lBLL01$h0157
=CAT  \\$aIPL-CLA$c20130701$lBLL01$h0156
=CAT  \\$aWR13.117$c20130718$lBLL01$h1857
=CAT  \\$aBATCH-CLA$b00$c20130719$lBLL01$h0049
=CAT  \\$aBATCH-CLA$b00$c20130902$lBLL01$h0143
=CAT  \\$aIPL-CLA$c20130930$lBLL01$h1817
=CAT  \\$aBATCH-CLA$b00$c20131202$lBLL01$h0340
=CAT  \\$aIPL-CLA$c20140101$lBLL01$h0209
=CAT  \\$aBATCH-UPD$b00$c20151018$lBLL01$h0144
=CAT  \\$aBATCH-CLA$b00$c20151019$lBLL01$h0154
=CAT  \\$aW1606-1753$c20171028$lBLL01$h1342
=CAT  \\$aBATCH-CLA$b00$c20171029$lBLL01$h0424
=CFI  0\$aBritish Library not licensed to copy$c0$e01-jul-2014$hC$iCFP Excluded$5Uk
=FIN  \\$aY$d20130315
=SID  \\$aZ39$bOCLC
=TCO  \\$aTRS$bCCC$c008
=LAS  \\$aBATCH-CLA$b00$c20171029$lBLL01$h0424

