=LDR  03565cas a22008537i 4500
=001  015585123
=003  Uk
=005  20230210010912.0
=007  ta
=008  100623c20109999enkqr\p\\\\\\\0\\\b0spa\\
=FMT  \\$a  SE
=022  0\$a2044-8074$202
=040  \\$aUk$beng$cUk$erda
=042  \\$aissnuk
=082  04$a618.928589$223
=222  \0$aTDAH en práctica$b(Print)
=245  00$aTDAH en práctica.
=246  3\$aTrastorno por déficit de atención con hiperactividad en práctica
=250  \\$aÉdición Europea : España.
=264  \1$aNewmarket :$bHayward Medical Communications
=310  \\$aQuarterly
=336  \\$atext$2rdacontent
=337  \\$aunmediated$2rdamedia
=338  \\$avolume$2rdacarrier
=540  \\$aCurrent Copyright Fee: GBP25.00$c0$5Uk
=775  08$iIssued also in English as:$tADHD in practice$x2041-2215
=775  08$iIssued also in French as:$tTDAH en pratique$x2044-8090
=776  08$iAlso issued online as:$tTDAH en práctica$x2044-8082
=859  \\$aXLD$bdatasets
=852  41$aBritish Library$bHMNTS
=852  41$aBritish Library$bHMNTS$3Vol. 2, no. 1 (spring 2010)-
=985  \\$aISSN completed from volume 2, no. 2 (Sept. 2010)
=985  \\$aISSN RDA COMPLETION - TO BE CATALOGUED BY RDA TRAINED CATALOGUERS.
=CAT  \\$a10806$b40$c20100623$lBLL01$h0852
=CAT  \\$a10997$b40$c20101104$lBLL01$h1216
=CAT  \\$a8464$b40$c20101208$lBLL01$h1125
=CAT  \\$aBATCH-CLA$b00$c20120531$lBLL01$h1704
=CAT  \\$aIPL-CLA$c20120629$lBLL01$h1041
=CAT  \\$aBATCH-CLA$b00$c20120831$lBLL01$h1526
=CAT  \\$aIPL-CLA$c20120930$lBLL01$h2134
=CAT  \\$a8124$b40$c20130502$lBLL01$h1440
=CAT  \\$a8124$b40$c20130502$lBLL01$h1441
=CAT  \\$a8124$b40$c20130502$lBLL01$h1443
=CAT  \\$a11313$b40$c20130617$lBLL01$h1248
=CAT  \\$aWR13.117$c20130718$lBLL01$h1857
=CAT  \\$a10806$b40$c20140124$lBLL01$h0833
=CAT  \\$aBATCH-CLA$b00$c20150227$lBLL01$h1630
=CAT  \\$aIPL-CLA$c20150331$lBLL01$h1709
=CAT  \\$aBATCH-CLA$b00$c20161130$lBLL01$h1638
=CAT  \\$aIPL-CLA$c20161230$lBLL01$h2344
=CAT  \\$aW1606-1753$c20171028$lBLL01$h1330
=CAT  \\$aBATCH-CLA$b00$c20171130$lBLL01$h1653
=CAT  \\$aIPL-CLA$c20171231$lBLL01$h1801
=CAT  \\$aBATCH-CLA$b00$c20191129$lBLL01$h1623
=CAT  \\$aIPL-CLA$c20191231$lBLL01$h2023
=CAT  \\$aBATCH-CLA$b00$c20201126$lBLL01$h1408
=CAT  \\$aIPL-CLA$c20201231$lBLL01$h2322
=CAT  \\$aBATCH-CLA$b00$c20221130$lBLL01$h1443
=CAT  \\$aIPL-CLA$c20221231$lBLL01$h2254
=CAT  \\$aBATCH-CLA$b00$c20230209$lBLL01$h1530
=CAT  \\$aIPL-CLA$c20230210$lBLL01$h0109
=CFI  0\$aCurrent Copyright Fee: GBP25.00$c0$e09-feb-2023$fGBP25.00$g0$hC$5Uk
=CFI  2\$aBritish Library not licensed to copy$c0$e01-jan-2023$hC$iCFP Excluded$5Uk
=FIN  \\$aY$d20130502
=LET  \0$aTDAH en práctica (Print)
=TCO  \\$aCLA$bCLA$c008
=ACF  \\$aPrevious Copyright Fee: GBP12.00$c0$e01-jul-2012$fGBP12.00$g0$hC$5Uk
=ACF  \\$aPrevious Copyright Fee: GBP12.00$c0$e01-oct-2012$fGBP12.00$g0$hC$5Uk
=ACF  \\$aPrevious Copyright Fee: GBP12.30$c0$e01-apr-2015$fGBP12.30$g0$hC$5Uk
=ACF  \\$aPrevious Copyright Fee: GBP15.00$c0$e01-jan-2017$fGBP15.00$g0$hC$5Uk
=ACF  \\$aPrevious Copyright Fee: GBP17.50$c0$e01-jan-2018$fGBP17.50$g0$hC$5Uk
=ACF  \\$aPrevious Copyright Fee: GBP20.00$c0$e01-jan-2020$fGBP20.00$g0$hC$5Uk
=ACF  \\$aPrevious Copyright Fee: GBP22.50$c0$e01-jan-2021$fGBP22.50$g0$hC$5Uk
=LAS  \\$aIPL-CLA$b00$c20230210$lBLL01$h0109

